% This file was created with JabRef 2.5.
% Encoding: UTF8

@ARTICLE{becker2008,
  author = {Steffen Becker and Heiko Koziolek and Ralf Reussner},
  title = {{T}he {P}alladio component model for model-driven performance prediction},
  journal = JSS,
  year = {2009},
  volume = {82},
  pages = {3--22},
  doi = {10.1016/j.jss.2008.03.066},
  publisher = {Elsevier Science Inc.},
  url = {http://dx.doi.org/10.1016/j.jss.2008.03.066}
}

